@article{jeden,
author = {Adrian Kwasnik},
title = {rysunek},
year = 2024,
}
@book{dwa,
author = {Adrian Kwasnik},
title = {rysunek-tekst},
year = 2024,
}